@phdthesis{zimmermann:tel-02451322,
  TITLE = {{Challenges in the collaborative evolution of a proof language and its ecosystem}},
  AUTHOR = {Zimmermann, Th{\'e}o},
  URL = {https://hal.inria.fr/tel-02451322},
  SCHOOL = {{Universit{\'e} de Paris}},
  YEAR = {2019}
}
